@inproceedings{Choi:2002:FDV:774572.774680,
 author = {Choi, Kihwan and Dantu, Karthik and Cheng, Wei-Chung and Pedram, Massoud},
 title = {Frame-based dynamic voltage and frequency scaling for a MPEG decoder},
 booktitle = {Proceedings of the 2002 IEEE/ACM international conference on Computer-aided design},
 series = {ICCAD '02},
 year = {2002},
 isbn = {0-7803-7607-2},
 location = {San Jose, California},
 pages = {732--737},
 numpages = {6},
 url = {http://doi.acm.org/10.1145/774572.774680},
 doi = {10.1145/774572.774680},
 acmid = {774680},
 publisher = {ACM},
 address = {New York, NY, USA},
}