@INPROCEEDINGS{Bavier98predictingmpeg,
    author = {Andy Bavier and A. Brady and Montz Larry and L. Peterson},
    title = {Predicting MPEG Execution Times},
    booktitle = {SIGMETRICS / PERFORMANCE ’98, Int’l Conf. On Measurement and Modeling of Computer Systems},
    year = {1998},
    pages = {131--140}
},

@inproceedings{DVFS,
 author = {Choi, Kihwan and Dantu, Karthik and Cheng, Wei-Chung and Pedram, Massoud},
 title = {Frame-based dynamic voltage and frequency scaling for a MPEG decoder},
 booktitle = {Proceedings of the 2002 IEEE/ACM international conference on Computer-aided design},
 series = {ICCAD '02},
 year = {2002},
 isbn = {0-7803-7607-2},
 location = {San Jose, California},
 pages = {732--737},
 numpages = {6},
 url = {http://doi.acm.org/10.1145/774572.774680},
 doi = {10.1145/774572.774680},
 acmid = {774680},
 publisher = {ACM},
 address = {New York, NY, USA},
},

@inproceedings{Zhang:2009,
 author = {Zhang, Kehuan and Wang, XiaoFeng},
 title = {Peeping tom in the neighborhood: keystroke eavesdropping on multi-user systems},
 booktitle = {Proceedings of the 18th conference on USENIX security symposium},
 series = {SSYM'09},
 year = {2009},
 location = {Montreal, Canada},
 pages = {17--32},
 numpages = {16},
 url = {http://dl.acm.org/citation.cfm?id=1855768.1855770},
 acmid = {1855770},
 publisher = {USENIX Association},
 address = {Berkeley, CA, USA},
},


@inproceedings{jana:memento,
  author = {Suman Jana and 
            Vitaly Shmatikov},
  title = {{Memento: Learning Secrets from Process Footprints}},
  booktitle = {Proceedings of the 33nd IEEE Symposium on Security \& Privacy},
  address = {San Francisco, CA},
  month = {May},
  year = 2012
},


@INPROCEEDINGS{Saponas07devicesthat,
    author = {T. Scott Saponas and Sameer Agarwal and et al.},
    title = {Devices that tell on you: Privacy trends in consumer ubiquitous computing},
    booktitle = {IN: PROC. 16TH USENIX SECURITY SYMPOSIUM},
    year = {2007},
    publisher = {}
},

@MISC{slingbox,
title = {SlingMedia Announces SlingCatcher},
note = {http://us.slingmedia.com}
}