@inproceedings{Brumley:2003:RTA:1251353.1251354,
 author = {Brumley, David and Boneh, Dan},
 title = {Remote timing attacks are practical},
 booktitle = {Proceedings of the 12th conference on USENIX Security Symposium - Volume 12},
 series = {SSYM'03},
 year = {2003},
 location = {Washington, DC},
 pages = {1--1},
 numpages = {1},
 url = {http://dl.acm.org/citation.cfm?id=1251353.1251354},
 acmid = {1251354},
 publisher = {USENIX Association},
 address = {Berkeley, CA, USA},
}