@inproceedings{Song:2001:TAK:1251327.1251352,
 author = {Song, Dawn Xiaodong and Wagner, David and Tian, Xuqing},
 title = {Timing analysis of keystrokes and timing attacks on SSH},
 booktitle = {Proceedings of the 10th conference on USENIX Security Symposium - Volume 10},
 series = {SSYM'01},
 year = {2001},
 location = {Washington, D.C.},
 pages = {25--25},
 numpages = {1},
 url = {http://dl.acm.org/citation.cfm?id=1251327.1251352},
 acmid = {1251352},
 publisher = {USENIX Association},
 address = {Berkeley, CA, USA},
}