@inproceedings{Wagner:1996:ASP:1267167.1267171,
 author = {Wagner, David and Schneier, Bruce},
 title = {Analysis of the SSL 3.0 protocol},
 booktitle = {Proceedings of the 2nd conference on Proceedings of the Second USENIX Workshop on Electronic Commerce - Volume 2},
 series = {WOEC'96},
 year = {1996},
 location = {Oakland, California},
 pages = {4--4},
 numpages = {1},
 url = {http://dl.acm.org/citation.cfm?id=1267167.1267171},
 acmid = {1267171},
 publisher = {USENIX Association},
 address = {Berkeley, CA, USA},
}