@inproceedings{Zhang:2009:PTN:1855768.1855770,
 author = {Zhang, Kehuan and Wang, XiaoFeng},
 title = {Peeping tom in the neighborhood: keystroke eavesdropping on multi-user systems},
 booktitle = {Proceedings of the 18th conference on USENIX security symposium},
 series = {SSYM'09},
 year = {2009},
 location = {Montreal, Canada},
 pages = {17--32},
 numpages = {16},
 url = {http://dl.acm.org/citation.cfm?id=1855768.1855770},
 acmid = {1855770},
 publisher = {USENIX Association},
 address = {Berkeley, CA, USA},
}