@inproceedings{Cai:2011:TIK:2028040.2028049,
 author = {Cai, Liang and Chen, Hao},
 title = {TouchLogger: inferring keystrokes on touch screen from smartphone motion},
 booktitle = {Proceedings of the 6th USENIX conference on Hot topics in security},
 series = {HotSec'11},
 year = {2011},
 location = {San Francisco, CA},
 pages = {9--9},
 numpages = {1},
 url = {http://dl.acm.org/citation.cfm?id=2028040.2028049},
 acmid = {2028049},
 publisher = {USENIX Association},
 address = {Berkeley, CA, USA},
}