@inproceedings{Bissias:2005:PVE:2180083.2180084,
 author = {Bissias, George Dean and Liberatore, Marc and Jensen, David and Levine, Brian Neil},
 title = {Privacy vulnerabilities in encrypted HTTP streams},
 booktitle = {Proceedings of the 5th international conference on Privacy Enhancing Technologies},
 series = {PET'05},
 year = {2006},
 isbn = {3-540-34745-3, 978-3-540-34745-3},
 location = {Cavtat, Croatia},
 pages = {1--11},
 numpages = {11},
 url = {http://dx.doi.org/10.1007/11767831_1},
 doi = {10.1007/11767831_1},
 acmid = {2180084},
 publisher = {Springer-Verlag},
 address = {Berlin, Heidelberg},
}