@inproceedings{DBLP:conf/ndss/SchlegelZZIKW11,
  author    = {Roman Schlegel and
               Kehuan Zhang and
               Xiao-yong Zhou and
               Mehool Intwala and
               Apu Kapadia and
               XiaoFeng Wang},
  title     = {Soundcomber: A Stealthy and Context-Aware Sound Trojan for
               Smartphones},
  booktitle = {NDSS},
  year      = {2011},
  ee        = {http://www.isoc.org/isoc/conferences/ndss/11/pdf/1_1.pdf},
  crossref  = {DBLP:conf/ndss/2011},
  bibsource = {DBLP, http://dblp.uni-trier.de}
}
@proceedings{DBLP:conf/ndss/2011,
  title     = {Proceedings of the Network and Distributed System Security
               Symposium, NDSS 2011, San Diego, California, USA, 6th February
               - 9th February 2011},
  booktitle = {NDSS},
  publisher = {The Internet Society},
  year      = {2011},
  ee        = {http://www.isoc.org/isoc/conferences/ndss/11/},
  bibsource = {DBLP, http://dblp.uni-trier.de}
}