@inproceedings{Kamel:1993:PR:170088.170403,
 author = {Kamel, Ibrahim and Faloutsos, Christos},
 title = {On packing R-trees},
 booktitle = {Proceedings of the second international conference on Information and knowledge management},
 series = {CIKM '93},
 year = {1993},
 isbn = {0-89791-626-3},
 location = {Washington, D.C., United States},
 pages = {490--499},
 numpages = {10},
 url = {http://doi.acm.org/10.1145/170088.170403},
 doi = {10.1145/170088.170403},
 acmid = {170403},
 publisher = {ACM},
 address = {New York, NY, USA},
}