@inproceedings{Faloutsos:1994:FSM:191839.191925,
 author = {Faloutsos, Christos and Ranganathan, M. and Manolopoulos, Yannis},
 title = {Fast subsequence matching in time-series databases},
 booktitle = {Proceedings of the 1994 ACM SIGMOD international conference on Management of data},
 series = {SIGMOD '94},
 year = {1994},
 isbn = {0-89791-639-5},
 location = {Minneapolis, Minnesota, United States},
 pages = {419--429},
 numpages = {11},
 url = {http://doi.acm.org/10.1145/191839.191925},
 doi = {10.1145/191839.191925},
 acmid = {191925},
 publisher = {ACM},
 address = {New York, NY, USA},
}