@inproceedings{Beckmann:1990:RER:93597.98741,
 author = {Beckmann, Norbert and Kriegel, Hans-Peter and Schneider, Ralf and Seeger, Bernhard},
 title = {The R*-tree: an efficient and robust access method for points and rectangles},
 booktitle = {Proceedings of the 1990 ACM SIGMOD international conference on Management of data},
 series = {SIGMOD '90},
 year = {1990},
 isbn = {0-89791-365-5},
 location = {Atlantic City, New Jersey, United States},
 pages = {322--331},
 numpages = {10},
 url = {http://doi.acm.org/10.1145/93597.98741},
 doi = {10.1145/93597.98741},
 acmid = {98741},
 publisher = {ACM},
 address = {New York, NY, USA},
}