




@article{doi:10.1021/ac60214a047,
author = {Savitzky, Abraham. and Golay, M. J. E.},
title = {Smoothing and Differentiation of Data by Simplified Least Squares Procedures.},
journal = {Analytical Chemistry},
volume = {36},
number = {8},
pages = {1627-1639},
year = {1964},
doi = {10.1021/ac60214a047},

URL = {http://pubs.acs.org/doi/abs/10.1021/ac60214a047},
eprint = {http://pubs.acs.org/doi/pdf/10.1021/ac60214a047}
}


