@inproceedings{Saponas:2007:DTY:1362903.1362908,
 author = {Saponas, T. Scott and Lester, Jonathan and Hartung, Carl and Agarwal, Sameer and Kohno, Tadayoshi},
 title = {Devices that tell on you: privacy trends in consumer ubiquitous computing},
 booktitle = {Proceedings of 16th USENIX Security Symposium on USENIX Security Symposium},
 series = {SS'07},
 year = {2007},
 isbn = {111-333-5555-77-9},
 location = {Boston, MA},
 pages = {5:1--5:16},
 articleno = {5},
 numpages = {16},
 url = {http://dl.acm.org/citation.cfm?id=1362903.1362908},
 acmid = {1362908},
 publisher = {USENIX Association},
 address = {Berkeley, CA, USA},
 keywords = {UbiComp, encryption, information leakage, location privacy, mobile social applications, multimedia security, privacy, variable bitrate (VBR) encoding},
}