@inproceedings{Backes:2008:CRR:1397759.1398067,
 author = {Backes, Michael and D\"{u}rmuth, Markus and Unruh, Dominique},
 title = {Compromising Reflections-or-How to Read LCD Monitors around the Corner},
 booktitle = {Proceedings of the 2008 IEEE Symposium on Security and Privacy},
 series = {SP '08},
 year = {2008},
 isbn = {978-0-7695-3168-7},
 pages = {158--169},
 numpages = {12},
 url = {http://dx.doi.org/10.1109/SP.2008.25},
 doi = {10.1109/SP.2008.25},
 acmid = {1398067},
 publisher = {IEEE Computer Society},
 address = {Washington, DC, USA},
 keywords = {Security, optical emanations},
}