@inproceedings{Wright:2008:SMY:1397759.1398055,
 author = {Wright, Charles V. and Ballard, Lucas and Coull, Scott E. and Monrose, Fabian and Masson, Gerald M.},
 title = {Spot Me if You Can: Uncovering Spoken Phrases in Encrypted VoIP Conversations},
 booktitle = {Proceedings of the 2008 IEEE Symposium on Security and Privacy},
 series = {SP '08},
 year = {2008},
 isbn = {978-0-7695-3168-7},
 pages = {35--49},
 numpages = {15},
 url = {http://dx.doi.org/10.1109/SP.2008.21},
 doi = {10.1109/SP.2008.21},
 acmid = {1398055},
 publisher = {IEEE Computer Society},
 address = {Washington, DC, USA},
 keywords = {network security, voice over IP, traffic analysis},
}