@inproceedings{Ristenpart:2009:HYG:1653662.1653687,
 author = {Ristenpart, Thomas and Tromer, Eran and Shacham, Hovav and Savage, Stefan},
 title = {Hey, you, get off of my cloud: exploring information leakage in third-party compute clouds},
 booktitle = {Proceedings of the 16th ACM conference on Computer and communications security},
 series = {CCS '09},
 year = {2009},
 isbn = {978-1-60558-894-0},
 location = {Chicago, Illinois, USA},
 pages = {199--212},
 numpages = {14},
 url = {http://doi.acm.org/10.1145/1653662.1653687},
 doi = {10.1145/1653662.1653687},
 acmid = {1653687},
 publisher = {ACM},
 address = {New York, NY, USA},
 keywords = {cloud computing, side channels, virtual machine security},
}