@inproceedings{Vuagnoux:2009:CEE:1855768.1855769,
 author = {Vuagnoux, Martin and Pasini, Sylvain},
 title = {Compromising electromagnetic emanations of wired and wireless keyboards},
 booktitle = {Proceedings of the 18th conference on USENIX security symposium},
 series = {SSYM'09},
 year = {2009},
 location = {Montreal, Canada},
 pages = {1--16},
 numpages = {16},
 url = {http://dl.acm.org/citation.cfm?id=1855768.1855769},
 acmid = {1855769},
 publisher = {USENIX Association},
 address = {Berkeley, CA, USA},
}